<?xml version="1.0" encoding="UTF-8"?><collection xmlns="http://www.loc.gov/MARC21/slim"><record><leader>00497nam--2200193-i-4500</leader><controlfield tag="001">000015289</controlfield><controlfield tag="002">20161230</controlfield><controlfield tag="005">20161230201031</controlfield><controlfield tag="008">060222s1000------------r-----000-0-rus-d</controlfield><datafield ind1=" " ind2=" " tag="040"><subfield code="a">IFIN-HH</subfield></datafield><datafield ind1=" " ind2=" " tag="041"><subfield code="a">rus</subfield></datafield><datafield ind1=" " ind2=" " tag="080"><subfield code="a">532.517.4</subfield></datafield><datafield ind1="1" ind2=" " tag="100"><subfield code="a">Hemisphere Publishing Corporation</subfield></datafield><datafield ind1="1" ind2="0" tag="245"><subfield code="a">Metodi rasceta turbulentiih tecenii</subfield></datafield><datafield ind1=" " ind2=" " tag="260"><subfield code="a">Moskva</subfield><subfield code="b">Mir</subfield><subfield code="c">1984</subfield></datafield><datafield ind1=" " ind2=" " tag="300"><subfield code="a">463 p</subfield></datafield><datafield ind1=" " ind2=" " tag="500"><subfield code="a">Prediction Methods for Turbulent Flows</subfield></datafield><datafield ind1=" " ind2=" " tag="852"><subfield code="a">72255</subfield><subfield code="c">532</subfield></datafield><datafield ind1=" " ind2=" " tag="CAT"><subfield code="a">Sys</subfield><subfield code="c">20100723</subfield><subfield code="h">122606</subfield></datafield></record></collection>